% Encoding: UTF-8
@Book{Hallo,
ALTauthor = {Ich},
ALTeditor = {•},
title = {ja meins},
publisher = {Springer},
year = {2020},
OPTkey = {•},
OPTvolume = {•},
OPTnumber = {•},
OPTseries = {•},
OPTaddress = {Hamburch},
OPTedition = {•},
OPTmonth = {•},
OPTnote = {•},
OPTannote = {•}
}

@Online{django:tutorial,
  author = {Django Software Foundation},
  date   = {2020-04-01},
  title  = {Writing your first app},
  url    = {https://docs.djangoproject.com/en/3.0/intro/tutorial01/},
  year   = {2020},
}

@Online{wikimedia:2020,
  author = {{na}},
  title  = {{Model-Template-View in Django}},
  url    = {https://upload.wikimedia.org/wikipedia/commons/1/1d/MTV_Django.svg},
  year   = {2020},
}

@Unpublished{Introduction:2018,
  author  = {M. Mössinger and M. Walz},
  date    = {2020-04-01},
  title   = {Introduction to the 93k HW Architecture},
  address = {Böblingen},
  year    = {2018},
}

@Book{bookoption1,
ALTauthor = {Asterix},
ALTeditor = {Obelix},
title = {Abenteuer der Gallier},
publisher = {Idefix},
year = {1893},
}

@Book{asterix,
  author = {Asterix der Gallier},
  title  = {Abenteur eines Galliers},
}

@Online{django:website,
  author = {{Django Software Foundation}},
  title  = {{Writing your first app}},
  url    = {https://docs.djangoproject.com/en/3.0/intro/tutorial01/},
  year   = {2020},
}

@Online{clean:code:developer,
  author = {{Django Software Foundation}},
  title  = {{Writing your first app}},
  url    = {https://docs.djangoproject.com/en/3.0/intro/tutorial01/},
  year   = {2020},
}

@Article{,
}

@Comment{jabref-meta: databaseType:biblatex;}
